<?xml version="1.0" encoding="UTF-8"?>
<record xmlns="http://www.loc.gov/MARC21/slim" xmlns:xsi="http://www.w3.org/2001/XMLSchema-instance" xsi:schemaLocation="http://www.loc.gov/MARC21/slim http://www.loc.gov/standards/marcxml/schema/MARC21slim.xsd">
<leader>00000cam a22      i 4500</leader>
<controlfield tag="001">001686795</controlfield>
<controlfield tag="003">NNU</controlfield>
<controlfield tag="005">20150403162243.0</controlfield>
<controlfield tag="008">990203s1961    sy            000 0 araod</controlfield>
<datafield tag="035" ind1=" " ind2=" ">
<subfield code="a">(OCoLC)49482777</subfield>
</datafield>
<datafield tag="040" ind1=" " ind2=" ">
<subfield code="a">CGU</subfield>
<subfield code="b">eng</subfield>
<subfield code="c">CGU</subfield>
<subfield code="d">OCLCQ</subfield>
<subfield code="d">CGU</subfield>
<subfield code="d">AUD</subfield>
<subfield code="d">N15</subfield>
<subfield code="d">OCLCF</subfield>
<subfield code="d">OCLCQ</subfield>
<subfield code="d">OCLCO</subfield>
<subfield code="d">NNU</subfield>
</datafield>
<datafield tag="050" ind1=" " ind2="4">
<subfield code="a">PK6540.G2</subfield>
<subfield code="b">F8 1961</subfield>
</datafield>
<datafield tag="100" ind1="0" ind2=" ">
<subfield code="a">Saʻdī</subfield>
<subfield code="6">880-01</subfield>
</datafield>
<datafield tag="240" ind1="1" ind2="0">
<subfield code="6">880-02</subfield>
<subfield code="a">Gulistān.</subfield>
<subfield code="l">Arabic</subfield>
<subfield code="f">1961</subfield>
</datafield>
<datafield tag="243" ind1="3" ind2="0">
<subfield code="6">880-03</subfield>
<subfield code="a">Rawḍat al-ward</subfield>
</datafield>
<datafield tag="245" ind1="1" ind2="0">
<subfield code="6">880-04</subfield>
<subfield code="a">Gulistān, rawḍat al-ward /</subfield>
<subfield code="c">taʼlīf Saʻdī al-Shīrāzī; tarjamat Muḥammad al-Furātī.</subfield>
</datafield>
<datafield tag="260" ind1=" " ind2=" ">
<subfield code="6">880-05</subfield>
<subfield code="a">Dimashq :</subfield>
<subfield code="b">Wizārat al-Thaqāfah wa-al-Irshād, Mudīrīyat al-taʼlīf wa-al-Tarjamah,</subfield>
<subfield code="c">1961.</subfield>
</datafield>
<datafield tag="300" ind1=" " ind2=" ">
<subfield code="a">315 pages.</subfield>
</datafield>
<datafield tag="336" ind1=" " ind2=" ">
<subfield code="a">text</subfield>
<subfield code="b">txt</subfield>
<subfield code="2">rdacontent</subfield>
</datafield>
<datafield tag="337" ind1=" " ind2=" ">
<subfield code="a">unmediated</subfield>
<subfield code="b">n</subfield>
<subfield code="2">rdamedia</subfield>
</datafield>
<datafield tag="338" ind1=" " ind2=" ">
<subfield code="a">volume</subfield>
<subfield code="b">nc</subfield>
<subfield code="2">rdacarrier</subfield>
</datafield>
<datafield tag="490" ind1="1" ind2=" ">
<subfield code="6">880-06</subfield>
<subfield code="a">Silsilat Rawāʼiʻ al-Adab al-Sharqī ;</subfield>
<subfield code="v">1</subfield>
</datafield>
<datafield tag="500" ind1=" " ind2=" ">
<subfield code="a">Cover date: 1962.</subfield>
</datafield>
<datafield tag="650" ind1=" " ind2="0">
<subfield code="a">Persian literature.</subfield>
</datafield>
<datafield tag="650" ind1=" " ind2="7">
<subfield code="a">Persian literature.</subfield>
<subfield code="2">fast</subfield>
<subfield code="0">(OCoLC)fst01058528</subfield>
</datafield>
<datafield tag="700" ind1="1" ind2=" ">
<subfield code="6">880-07</subfield>
<subfield code="a">Furātī, Muḥammad.</subfield>
</datafield>
<datafield tag="880" ind1="0" ind2=" ">
<subfield code="6">100-01/</subfield>
<subfield code="a">‏سعدي.</subfield>
</datafield>
<datafield tag="880" ind1="1" ind2="0">
<subfield code="6">240-02/</subfield>
<subfield code="a">‏گلستان.‏</subfield>
<subfield code="l">Arabic‏</subfield>
<subfield code="f">‏1961</subfield>
</datafield>
<datafield tag="880" ind1="3" ind2="0">
<subfield code="6">243-03/</subfield>
<subfield code="a">روضة الورد</subfield>
</datafield>
<datafield tag="880" ind1="1" ind2="0">
<subfield code="6">245-04/</subfield>
<subfield code="a">‏گلستان :‏</subfield>
<subfield code="b">‏روضة الورد /‏</subfield>
<subfield code="c">‏تأليف سعدي الشيرازي ؛ ترجمة محمد الفراتي.</subfield>
</datafield>
<datafield tag="880" ind1=" " ind2=" ">
<subfield code="6">260-05/</subfield>
<subfield code="a">‏دمشق :‏</subfield>
<subfield code="b">‏وزارة الثقافة والإرشاد القومي، مديرية التأليف والترجمة،‏</subfield>
<subfield code="c">‏1961.</subfield>
</datafield>
<datafield tag="880" ind1="1" ind2=" ">
<subfield code="6">490-06/</subfield>
<subfield code="a">‏سلسلة روائع الأدب الشرقي ؛‏</subfield>
<subfield code="v">‏1</subfield>
</datafield>
<datafield tag="880" ind1="1" ind2=" ">
<subfield code="6">700-07/</subfield>
<subfield code="a">‏فراتي، محمد،‏</subfield>
<subfield code="d">‏1880-1978.</subfield>
</datafield>
<datafield tag="830" ind1=" " ind2="0">
<subfield code="6">880-08</subfield>
<subfield code="a">Silsilat Rawāʼiʻ al-Adab al-Sharqī ;</subfield>
<subfield code="v">1</subfield>
</datafield>
<datafield tag="880" ind1=" " ind2="0">
<subfield code="6">830-08/</subfield>
<subfield code="a">‏سلسلة روائع الأدب الشرقي ؛</subfield>
<subfield code="v">‏1.</subfield>
</datafield>
<datafield tag="OWN" ind1=" " ind2=" ">
<subfield code="a">GENERAL</subfield>
</datafield>
<datafield tag="AVA" ind1=" " ind2=" ">
<subfield code="a">NYU50</subfield>
<subfield code="b">BOBST</subfield>
<subfield code="c">Main Collection</subfield>
<subfield code="d">PK6540.G2 F8 1961</subfield>
<subfield code="e">unavailable</subfield>
<subfield code="t">Unavailable</subfield>
<subfield code="f">1</subfield>
<subfield code="g">1</subfield>
<subfield code="h">N</subfield>
<subfield code="i">0</subfield>
<subfield code="j">MAIN</subfield>
<subfield code="k">0</subfield>
</datafield>
</record>
